@article{shirts-chodera:jcp:2008:mbar,
	Author = {Michael R. Shirts and John D. Chodera},
	Journal = {J. Chem. Phys.},
          Volume = {129},
          Pages = {124105},
	Title = {Statistically optimal analysis of samples from multiple equilibrium states},
	Year = {2008}}

@article{gill:1988,
	Author = {Richard D. Gill and Yehuda Vardi and John A. Wellner},
	Journal = {Ann. Stat.},
	Month = {Sep},
	Number = {3},
	Pages = {1069--1112},
	Title = {Large Sample Theory of Empirical Distributions in Biased Sampling Models},
	Volume = {16},
	Year = {1988}}


@article{vardi:1985,
	Author = {Yehuda Vardi},
	Journal = {Ann. Stat.},
	Month = {Mar},
	Number = {1},
	Pages = {178--203},
	Title = {Empirical Distributions in Selection Models},
	Volume = {13},
	Year = {1985}}

@article{kong:2003,
	Author = {Augustine Kong and Peter McCullagh and Xiao-Li Meng and Dan Nicolae and Zhiqiang Tan},
	Journal = {J. Royal Stat. Soc. B.},
	Number = {3},
	Pages = {585--618},
	Title = {A theory of statistical models for Monte Carlo integration},
	Volume = {65},
	Year = {2003}}

@misc{doss:2003,
	Note = {Honi Doss makes this suggestion in the conference discussion of~\protect\cite{kong:2003}}}

@article{tan:2004,
	Author = {Zhiqiang Tan},
	Journal = {J. Am. Stat. Assoc.},
	Month = {Dec},
	Number = {468},
	Pages = {1027--1036},
	Title = {On a Likelihood Approach for Monte Carlo Integration},
	Volume = {99},
	Year = {2004}}

@article{kobrak:j-comput-chem:2003:histogram-error,
	Author = {Mark N. Kobrak},
	Journal = {J. Comput. Chem.},
	Keywords = {molecular dynamics; Monte Carlo; free energy; WHAM umbrella sampling},
	Pages = {1437--1446},
	Title = {Systematic and statistical error in histogram-based free energy calculations},
	Volume = {24},
	Year = {2003}}

@article{souaille:2001a,
	Author = {Marc Souaille and {Beno\^{i}t} Roux},
	Date-Modified = {2005-10-04 07:33:06 -0700},
	Journal = {Comp. Phys. Commun.},
	Local-Url = {file://localhost/Users/jchodera/Documents/papers/Extension%20to%20the%20weighted%20histogram%20analysis%20method:%20combining%20umbrella%20sampling%20with%20free%20energy%20calculations.pdf},
	Pages = {40--57},
	Title = {Extension to the weighted histogram analysis method: combining umbrella sampling with free energy calculations},
	Volume = {135},
	Year = {2001}}

@article{bennett:1976,
	Author = {Bennett, C. H.},
	Journal = {J. Comp. Phys.},
	Pages = {245--268},
	Title = {Efficient Estimation of Free Energy Differences from Monte Carlo Data},
	Volume = {22},
	Year = {1976}}

@misc{MLEmeasure_foot2,
	Note = {A set of uncorrelated configurations can be obtained from a correlated time series, such as is generated by a molecular dynamics or Metropolis Monte Carlo simulation, by subsampling the timeseries with an interval larger than the statistical inefficiency of the reduced potential $u_k$ of the timeseries. The statistical inefficiency can be estimated by standard procedures~\protect{\cite{swope:1982a,flyvbjerg:1989a,janke:2002a,chodera:jctc:2007}}.}}

@article{mezei:j-comp-phys:1987:muca,
	Author = {E. Mezei.},
	Journal = {J. Comp. Phys.},
	Pages = {237--248},
	Title = {Adaptive Umbrella Sampling: Self-Consistent Determination of the Non-Boltzmann Bias},
	Volume = {68},
	Year = {1987}}

@article{tsallis:j-stat-phys:1988:tsallis-statistics,
	Author = {C. Tsallis},
	Journal = {J. Stat. Phys.},
	Pages = {479--487},
	Title = {Possible generalization of Boltzmann-Gibbs statistics},
	Volume = {52},
	Year = {1988}}


@techreport{geyer:1994,
	Address = {Minneapolis, Minnesota},
	Author = {Charles J. Geyer},
	Institution = {School of Statistics, University of Minnesota},
	Number = {568},
	Title = {Normalizing constants and reweighting mixtures in Markov chain Monte Carlo},
	Year = {1994}}

@article{swope:1982a,
	Author = {William C. Swope and Hans C. Andersen and Peter H. Berens and Kent R. Wilson},
	Date-Modified = {2006-03-16 20:20:46 -0800},
	Journal = {J. Chem. Phys.},
	Local-Url = {file://localhost/Users/jchodera/Documents/papers/A%20computer%20simulation%20method%20for%20the%20calculation%20of%20equilibrium%20constants%20for%20the%20formation%20of%20physical%20clusters%20of%20molecules:%20Application%20to%20small%20water%20clusters.pdf},
	Number = {1},
	Pages = {637--649},
	Title = {A computer simulation method for the calculation of equilibrium constants for the formation of physical clusters of molecules: Application to small water clusters},
	Volume = {76},
	Year = {1982}}

@article{flyvbjerg:1989a,
	Author = {H. Flyvbjerg and H. G. Petersen},
	Date-Modified = {2005-04-21 13:11:20 -0700},
	Journal = {J. Chem. Phys.},
	Local-Url = {file://localhost/Users/jchodera/Documents/papers/Error%20estimates%20on%20averages%20of%20correlated%20data.pdf},
	Number = {1},
	Pages = {461--466},
	Title = {Error estimates on averages of correlated data},
	Volume = {91},
	Year = {1989}}

@incollection{janke:2002a,
	Address = {J{\"{u}}lich, Germany},
	Author = {Wolfhard Janke},
	Booktitle = {Quantum Simulations of Complex Many-Body Systems: From Theory to Algorithms},
	Editor = {J Grotendorst and D Marx and A Murmatsu},
	Local-Url = {file://localhost/Users/jchodera/Documents/papers/Statistical{\%}20analysis{\%}20of{\%}20simulations:{\%}20Data{\%}20correlations{\%}20and{\%}20error{\%}20estimation.pdf},
	Pages = {423--445},
	Publisher = {John von Neumann Institute for Computing},
	Title = {Statistical analysis of simulations: {D}ata correlations and error estimation},
	Volume = {10},
	Year = {2002}}

@article{chodera:jctc:2007,
	Author = {John D. Chodera and William C. Swope and Jed W. Pitera and Chaok Seok and Ken A. Dill},
	Date-Added = {2005-12-27 14:05:33 -0800},
	Date-Modified = {2007-02-11 03:46:44 -0800},
	Journal = {J. Chem. Theor. Comput.},
	Number = {1},
	Pages = {26--41},
	Title = {Use of the weighted histogram analysis method for the analysis of simulated and parallel tempering simulations},
	Volume = {3},
	Year = {2007}}




